%YAML 1.1
%TAG !u! tag:unity3d.com,2011:
--- !u!1001 &100100000
Prefab:
  m_ObjectHideFlags: 1
  serializedVersion: 2
  m_Modification:
    m_TransformParent: {fileID: 0}
    m_Modifications: []
    m_RemovedComponents: []
  m_ParentPrefab: {fileID: 0}
  m_RootGameObject: {fileID: 1089244183052818}
  m_IsPrefabParent: 1
--- !u!1 &1089244183052818
GameObject:
  m_ObjectHideFlags: 0
  m_PrefabParentObject: {fileID: 0}
  m_PrefabInternal: {fileID: 100100000}
  serializedVersion: 5
  m_Component:
  - component: {fileID: 4359752177860358}
  - component: {fileID: 212846905172829658}
  - component: {fileID: 114166037338682756}
  - component: {fileID: 114572298870448916}
  m_Layer: 0
  m_Name: Corn
  m_TagString: Untagged
  m_Icon: {fileID: 0}
  m_NavMeshLayer: 0
  m_StaticEditorFlags: 0
  m_IsActive: 1
--- !u!4 &4359752177860358
Transform:
  m_ObjectHideFlags: 1
  m_PrefabParentObject: {fileID: 0}
  m_PrefabInternal: {fileID: 100100000}
  m_GameObject: {fileID: 1089244183052818}
  m_LocalRotation: {x: -0, y: -0, z: -0, w: 1}
  m_LocalPosition: {x: -10.683623, y: -2.5319028, z: -7.1869607}
  m_LocalScale: {x: 5, y: 5, z: 5}
  m_Children: []
  m_Father: {fileID: 0}
  m_RootOrder: 0
  m_LocalEulerAnglesHint: {x: 0, y: 0, z: 0}
--- !u!114 &114166037338682756
MonoBehaviour:
  m_ObjectHideFlags: 1
  m_PrefabParentObject: {fileID: 0}
  m_PrefabInternal: {fileID: 100100000}
  m_GameObject: {fileID: 1089244183052818}
  m_Enabled: 1
  m_EditorHideFlags: 0
  m_Script: {fileID: 11500000, guid: d8e82aad19adef5448e8be275eae2cd3, type: 3}
  m_Name: 
  m_EditorClassIdentifier: 
  _spriteRenderer: {fileID: 0}
  CurrentGrowth: 0
  GrowthRate: 0.005
  states:
  - sprite: {fileID: 21300000, guid: 56e26f614b3f9214b9918c529d29fec4, type: 3}
    MinGrowth: 0
  - sprite: {fileID: 21300000, guid: bac3033f5d09e134d8ca22bc75772787, type: 3}
    MinGrowth: 0.2
  - sprite: {fileID: 21300000, guid: 3260ee547c092b04098420fc7e9d7335, type: 3}
    MinGrowth: 0.4
  - sprite: {fileID: 21300000, guid: 72746a232e393954d8e068b440b0cfde, type: 3}
    MinGrowth: 0.6
  - sprite: {fileID: 21300000, guid: 424a29efb7f2b464593432ef99211514, type: 3}
    MinGrowth: 0.8
  - sprite: {fileID: 21300000, guid: b558f65ebf78bea4b82cfd6797eae542, type: 3}
    MinGrowth: 1
--- !u!114 &114572298870448916
MonoBehaviour:
  m_ObjectHideFlags: 1
  m_PrefabParentObject: {fileID: 0}
  m_PrefabInternal: {fileID: 100100000}
  m_GameObject: {fileID: 1089244183052818}
  m_Enabled: 1
  m_EditorHideFlags: 0
  m_Script: {fileID: 11500000, guid: 04843cee8d59fe7448fea6185c716a32, type: 3}
  m_Name: 
  m_EditorClassIdentifier: 
  cameraTransform: {fileID: 0}
  alignNotLook: 1
  offset: {x: 0, y: 0, z: 0}
--- !u!212 &212846905172829658
SpriteRenderer:
  m_ObjectHideFlags: 1
  m_PrefabParentObject: {fileID: 0}
  m_PrefabInternal: {fileID: 100100000}
  m_GameObject: {fileID: 1089244183052818}
  m_Enabled: 1
  m_CastShadows: 0
  m_ReceiveShadows: 0
  m_DynamicOccludee: 1
  m_MotionVectors: 1
  m_LightProbeUsage: 1
  m_ReflectionProbeUsage: 1
  m_Materials:
  - {fileID: 2100000, guid: 69debc74349d5e04893de253ae48f7d2, type: 2}
  m_StaticBatchInfo:
    firstSubMesh: 0
    subMeshCount: 0
  m_StaticBatchRoot: {fileID: 0}
  m_ProbeAnchor: {fileID: 0}
  m_LightProbeVolumeOverride: {fileID: 0}
  m_ScaleInLightmap: 1
  m_PreserveUVs: 0
  m_IgnoreNormalsForChartDetection: 0
  m_ImportantGI: 0
  m_StitchLightmapSeams: 0
  m_SelectedEditorRenderState: 0
  m_MinimumChartSize: 4
  m_AutoUVMaxDistance: 0.5
  m_AutoUVMaxAngle: 89
  m_LightmapParameters: {fileID: 0}
  m_SortingLayerID: 0
  m_SortingLayer: 0
  m_SortingOrder: 0
  m_Sprite: {fileID: 21300000, guid: 56e26f614b3f9214b9918c529d29fec4, type: 3}
  m_Color: {r: 1, g: 1, b: 1, a: 1}
  m_FlipX: 0
  m_FlipY: 0
  m_DrawMode: 0
  m_Size: {x: 0.4, y: 0.54}
  m_AdaptiveModeThreshold: 0.5
  m_SpriteTileMode: 0
  m_WasSpriteAssigned: 1
  m_MaskInteraction: 0
